@inproceedings{mainPaper,
  added-at = {2012-07-15T00:00:00.000+0200},
  author = {Lu, Cewu and Xu, Li and Jia, Jiaya},
  biburl = {http://www.bibsonomy.org/bibtex/203c004ef12e1ff520e010c48ab9232a2/dblp},
  booktitle = {Expressive},
  crossref = {conf/npar/2012},
  editor = {Asente, Paul and Grimm, Cindy},
  ee = {http://dl.acm.org/citation.cfm?id=2330161},
  interhash = {ab71227a149f1a2ca486da4c6c0a8482},
  intrahash = {03c004ef12e1ff520e010c48ab9232a2},
  isbn = {978-3-905673-90-6},
  keywords = {dblp},
  pages = {65-73},
  publisher = {ACM},
  timestamp = {2012-07-15T00:00:00.000+0200},
  title = {Combining sketch and tone for pencil drawing production.},
  url = {http://dblp.uni-trier.de/db/conf/npar/npar2012.html#LuXJ12},
  year = 2012
}

@inproceedings{Lu:2010:IPS,
  author = "Jingwan Lu and Pedro V. Sander and Adam Finkelstein",
  title = "Interactive Painterly Stylization of Images, Videos and {3D}
    Animations",
  booktitle = "Proceedings of I3D 2010",
  year = "2010",
  month = feb
}

@article{Benard:2012:ASC,
  author = "Pierre B{\'e}nard and Jingwan Lu and Forrester Cole and Adam
    Finkelstein and Jo{\"e}lle Thollot",
  title = "{Active Strokes}: Coherent Line Stylization for Animated {3D}
    Models",
  journal = "NPAR 2012, Proceedings of the 10th International Symposium on
    Non-photorealistic Animation and Rendering",
  year = "2012",
  month = jun
}


### EXAMPLES ################
@article{Lang:2012,
	author = {Lang, Manuel and Wang, Oliver and Aydin, Tunc and Smolic, Aljoscha and Gross, Markus},
	title = {Practical temporal consistency for image-based graphics applications},
	journal = {ACM Trans. Graph.},
	issue_date = {July 2012},
	volume = {31},
	number = {4},
	month = jul,
	year = {2012},
	issn = {0730-0301},
	pages = {34:1--34:8},
	articleno = {34},
	numpages = {8},
	url = {http://doi.acm.org/http://doi.acm.org/10.1145/2185520.2185530},
	doi = {http://doi.acm.org/10.1145/2185520.2185530},
	acmid = {2335385},
	publisher = {ACM},
	address = {New York, NY, USA},
	keywords = {filtering, optical flow, regularization, temporal coherence, video},
} 

@inproceedings{conf/acivs/HoffkenOK11,
  added-at = {2011-08-16T00:00:00.000+0200},
  author = {Höffken, Matthias and Oberhoff, Daniel and Kolesnik, Marina},
  biburl = {http://www.bibsonomy.org/bibtex/2003b857d61946111140c68ecd1d5a82c/dblp},
  booktitle = {ACIVS},
  crossref = {conf/acivs/2011},
  editor = {Blanc-Talon, Jacques and Kleihorst, Richard P. and Philips, Wilfried and Popescu, Dan C. and Scheunders, Paul},
  ee = {http://dx.doi.org/10.1007/978-3-642-23687-7_52},
  interhash = {c4d22d6889194199f94f4e36d9be501a},
  intrahash = {003b857d61946111140c68ecd1d5a82c},
  isbn = {978-3-642-23686-0},
  keywords = {dblp},
  pages = {576-585},
  publisher = {Springer},
  series = {Lecture Notes in Computer Science},
  timestamp = {2011-08-16T00:00:00.000+0200},
  title = {Temporal Prediction and Spatial Regularization in Differential Optical Flow.},
  url = {http://dblp.uni-trier.de/db/conf/acivs/acivs2011.html#HoffkenOK11},
  volume = 6915,
  year = 2011
}

@inproceedings{conf/psivt/HosniRBG11,
  added-at = {2011-11-22T00:00:00.000+0100},
  author = {Hosni, Asmaa and Rhemann, Christoph and Bleyer, Michael and Gelautz, Margrit},
  biburl = {http://www.bibsonomy.org/bibtex/25e0ab3d95edbdeea4cdadae2cfb61b8e/dblp},
  booktitle = {PSIVT (1)},
  crossref = {conf/psivt/2011-1},
  editor = {Ho, Yo-Sung},
  ee = {http://dx.doi.org/10.1007/978-3-642-25367-6_15},
  interhash = {5f80f615c52f931bd4db9e7289db3270},
  intrahash = {5e0ab3d95edbdeea4cdadae2cfb61b8e},
  isbn = {978-3-642-25366-9},
  keywords = {dblp},
  pages = {165-177},
  publisher = {Springer},
  series = {Lecture Notes in Computer Science},
  timestamp = {2011-11-22T00:00:00.000+0100},
  title = {Temporally Consistent Disparity and Optical Flow via Efficient Spatio-temporal Filtering.},
  url = {http://dblp.uni-trier.de/db/conf/psivt/psivt2011-1.html#HosniRBG11},
  volume = 7087,
  year = 2011
}

@article{Levin:2004:CUO:1015706.1015780,
 author = {Levin, Anat and Lischinski, Dani and Weiss, Yair},
 title = {Colorization Using Optimization},
 journal = {ACM Trans. Graph.},
 issue_date = {August 2004},
 volume = {23},
 number = {3},
 month = aug,
 year = {2004},
 issn = {0730-0301},
 pages = {689--694},
 numpages = {6},
 url = {http://doi.acm.org/10.1145/1015706.1015780},
 doi = {10.1145/1015706.1015780},
 acmid = {1015780},
 publisher = {ACM},
 address = {New York, NY, USA},
 keywords = {colorization, recoloring, segmentation},
} 

@book{Weickert:1998,
    abstract = {{Many recent techniques for digital image enhancement and multiscale image representations are based on nonlinear partial differential equations (PDEs).
This book gives an introduction to the main ideas behind these methods, and it describes in a systematic way their theoretical foundations, numerical aspects, and applications. A large number of references enables the reader to acquire an up-to-date overview of the original literature.
The central emphasis is on anisotropic nonlinear diffusion filters. Their flexibility allows to combine smoothing properties with image enhancement qualities. A general framework is explored covering well-posedness and scale-space results not only for the continuous, but also for the algorithmically important semidiscrete and fully discrete settings. The presented examples range from applications in medical image analysis to problems in computer aided quality control.}},
    address = {Stuttgart},
    author = {Weickert, Joachim},
    citeulike-article-id = {9070769},
    citeulike-linkout-0 = {http://www.mia.uni-saarland.de/weickert/book.html},
    keywords = {level\_set, pde},
    posted-at = {2011-03-28 09:37:43},
    priority = {0},
    publisher = {Teubner},
    series = {ECMI Series},
    title = {{Anisotropic Diffusion in Image Processing}},
    url = {http://www.mia.uni-saarland.de/weickert/book.html},
    year = {1998}
}

@article{GastalOliveira2011DomainTransform,
  author    = {Eduardo S. L. Gastal and Manuel M. Oliveira},
  title     = {Domain Transform for Edge-Aware Image and Video Processing},
  journal   = {ACM TOG},
  volume    = {30},
  number    = {4},
  year      = {2011},
  pages     = {69:1--69:12},
  articleno = {69},
  note      = {Proceedings of SIGGRAPH 2011}
}

@book{paris2009bilateral,
  title={Bilateral Filtering: Theory and Applications},
  author={Paris, S. and Kornprobst, P. and Tumblin, J.},
  isbn={9781601982506},
  series={Foundations and trends in computer graphics and vision},
  url={http://books.google.de/books?id=Kv1laopjxvIC},
  year={2009},
  publisher={Now Publishers}
}

@article{journals/tog/LiuTFDA05,
  added-at = {2010-10-05T00:00:00.000+0200},
  author = {Liu, Ce and Torralba, Antonio and Freeman, William T. and Durand, Frédo and Adelson, Edward H.},
  biburl = {http://www.bibsonomy.org/bibtex/2f0c958f90f9f85129c339dd2fe489c86/dblp},
  ee = {http://doi.acm.org/10.1145/1073204.1073223},
  interhash = {74174d718ca90445cd6c27681e72d7d4},
  intrahash = {f0c958f90f9f85129c339dd2fe489c86},
  journal = {ACM Trans. Graph.},
  keywords = {dblp},
  number = 3,
  pages = {519-526},
  timestamp = {2010-10-05T00:00:00.000+0200},
  title = {Motion magnification.},
  url = {http://dblp.uni-trier.de/db/journals/tog/tog24.html#LiuTFDA05},
  volume = 24,
  year = 2005
}

@inproceedings{Rhemann:2011:FCF:2191740.2191908,
 author = {Rhemann, C. and Hosni, A. and Bleyer, M. and Rother, C. and Gelautz, M.},
 title = {Fast Cost-volume Filtering for Visual Correspondence and Beyond},
 booktitle = {Proceedings of the 2011 IEEE Conference on Computer Vision and Pattern Recognition},
 series = {CVPR '11},
 year = {2011},
 isbn = {978-1-4577-0394-2},
 pages = {3017--3024},
 numpages = {8},
 url = {http://dx.doi.org/10.1109/CVPR.2011.5995372},
 doi = {10.1109/CVPR.2011.5995372},
 acmid = {2191908},
 publisher = {IEEE Computer Society},
 address = {Washington, DC, USA},
 keywords = {interactive image segmentation, cost-volume filtering, visual correspondence, computer vision, labeling problem, edge preserving filter, winner-take-all label selection, disparity map, Middlebury stereo benchmark, optical flow field},
} 

@article{Zimmer:2011:OFH:1969654.1969711,
 author = {Zimmer, Henning and Bruhn, Andr{\'e}s and Weickert, Joachim},
 title = {Optic Flow in Harmony},
 journal = {Int. J. Comput. Vision},
 issue_date = {July      2011},
 volume = {93},
 number = {3},
 month = jul,
 year = {2011},
 issn = {0920-5691},
 pages = {368--388},
 numpages = {21},
 url = {http://dx.doi.org/10.1007/s11263-011-0422-6},
 doi = {10.1007/s11263-011-0422-6},
 acmid = {1969711},
 publisher = {Kluwer Academic Publishers},
 address = {Hingham, MA, USA},
 keywords = {Anisotropic smoothing, Motion tensor, Optic flow, Parameter selection, Robust penalisation, Variational methods},
} 


@inproceedings{conf/iccv/VolzBVZ11,
  added-at = {2012-03-13T21:05:29.000+0100},
  author = {Volz, Sebastian and Bruhn, Andrés and Valgaerts, Levi and Zimmer, Henning},
  biburl = {http://www.bibsonomy.org/bibtex/2f037d137ce207b61a9a072f73e0f8a98/vonolfen},
  booktitle = {ICCV},
  crossref = {conf/iccv/2011},
  editor = {Metaxas, Dimitris N. and Quan, Long and Sanfeliu, Alberto and Gool, Luc J. Van},
  ee = {http://dx.doi.org/10.1109/ICCV.2011.6126359},
  interhash = {6b6a8c062e2224af98bb7f87683e4e2a},
  intrahash = {f037d137ce207b61a9a072f73e0f8a98},
  isbn = {978-1-4577-1101-5},
  keywords = {flow optical segmentation},
  pages = {1116-1123},
  publisher = {IEEE},
  timestamp = {2012-03-13T21:05:29.000+0100},
  title = {Modeling temporal coherence for optical flow.},
  url = {http://dblp.uni-trier.de/db/conf/iccv/iccv2011.html#VolzBVZ11},
  year = 2011
}

